@INPROCEEDINGS{Current, 
author={J. E. Brown and A. L. Clapes and E. H. Taylor}, 
booktitle={Information Technology, 1990. 'Next Decade in Information Technology', Proceedings of the 5th Jerusalem Conference on (Cat. No.90TH0326-9)}, 
title={The current status of copyright and patent protection for computer software}, 
year={1990}, 
volume={}, 
number={}, 
pages={617-629}, 
keywords={computer software;industrial property;legislation;computer interfaces;computer software;copyright;detailed flow diagram;disclosure requirements;industry standards;microcode;patent protection;programs;reverse engineering;screen imagery;source code;video games;Aging;Books;Copyright protection;Games;Hardware;Lifting equipment;Proposals;Reverse engineering;Senior members;Software}, 
doi={10.1109/JCIT.1990.128340}, 
ISSN={}, 
month={Oct},}

@INPROCEEDINGS{NearMiss, 
author={Y. Chen and I. Keivanloo and C. K. Roy}, 
booktitle={2014 IEEE 27th Canadian Conference on Electrical and Computer Engineering (CCECE)}, 
title={Near-miss software clones in open source games: An empirical study}, 
year={2014}, 
volume={}, 
number={}, 
pages={1-7}, 
keywords={computer games;public domain software;software reusability;C-based games;Duo game;Hexen2 game;Jake2 game;Java-based games;NiCad detection;OpenRPG game;Python-based games;VisCad tool;clone analysis tool;clone management systems;clone visualization tool;first person shooter games;game development;granularity levels;jChess game;near-miss software clones;open source games;source code reuse;Cloning;Engines;Games;Java;Measurement;Three-dimensional displays;Weapons}, 
doi={10.1109/CCECE.2014.6901018}, 
ISSN={0840-7789}, 
month={May},}

@INPROCEEDINGS{SocialTeaching, 
author={J. A. Polack-Wahl}, 
booktitle={2007 37th Annual Frontiers In Education Conference - Global Engineering: Knowledge Without Borders, Opportunities Without Passports}, 
title={Work in progress x2019; Game development, social responsibility, and teaching}, 
year={2007}, 
volume={}, 
number={}, 
pages={S4H-15-S4H-16}, 
keywords={computer games;computer science education;teaching;game development;social responsibility;teaching;video games;Computer industry;Computer science;Cultural differences;Education;Educational institutions;Ethics;Games;Programming profession;Testing;Toy industry;Course Development;Ethics;Game Programming;Social Responsibility}, 
doi={10.1109/FIE.2007.4417904}, 
ISSN={0190-5848}, 
month={Oct},}

@INPROCEEDINGS{DigitalWatermarking, 
author={M. Liu}, 
booktitle={2012 International Conference on Computer Science and Electronics Engineering}, 
title={Study of Digital Video Watermarking}, 
year={2012}, 
volume={2}, 
number={}, 
pages={77-80}, 
keywords={copyright;image watermarking;multimedia communication;video watermarking;copyright ownership;digital images;digital video watermarking;image watermark;multimedia data;Data mining;Multimedia communication;Robustness;Signal processing algorithms;Streaming media;Transforms;Watermarking;Digital watermarking;copyright protection;multimedia security;watermarking algorithm}, 
doi={10.1109/ICCSEE.2012.391}, 
ISSN={}, 
month={March},}

@INPROCEEDINGS{Chaotic, 
author={A. E. Youssef and W. Sheta}, 
booktitle={2012 17th International Conference on Computer Games (CGAMES)}, 
title={Using chaotic 3D watermarking for game design copy right protection}, 
year={2012}, 
volume={}, 
number={}, 
pages={221-229}, 
keywords={Internet;computer games;copyright;user interfaces;watermarking;chaotic 3D watermarking;commercial Internet;computer games;game design copy right protection;intellectual property;material compilations;music;program structure;user interface;Chaotic communication;Games;Generators;Robustness;Solid modeling;Watermarking}, 
doi={10.1109/CGames.2012.6314579}, 
ISSN={}, 
month={July},}


@ONLINE{Code-of-Ethics,
title = {ACM Code of Ethics and Professional Conduct},
month = October,
year = {1992},
url = {http://www.acm.org.ezproxy.falmouth.ac.uk/about-acm/acm-code-of-ethics-and-professional-conduct}
}

@INPROCEEDINGS{SoftwareCloning, 
author={P. Ciancarini and D. Russo and A. Sillitti and G. Succi}, 
booktitle={2016 IEEE/ACM 38th International Conference on Software Engineering Companion (ICSE-C)}, 
title={A Guided Tour of the Legal Implications of Software Cloning}, 
year={2016}, 
volume={}, 
number={}, 
pages={563-572}, 
keywords={copyright;software engineering;European Court of Justice;IPR context;US courts;US software;copyright infringements;intellectual propriety rights;legal decisions;legal implications;software cloning;software engineering;software patent;Cloning;Europe;Intellectual property;Law;Software;Software engineering;Copyright;IPR;Software Cloning;Software Reuse}, 
doi={}, 
ISSN={}, 
month={May},}

@INPROCEEDINGS{20yearsIP, 
author={M. Potkonjak and G. Qu and F. Koushanfar and C. H. Chang}, 
booktitle={2017 IEEE International Symposium on Circuits and Systems (ISCAS)}, 
title={20 Years of research on intellectual property protection}, 
year={2017}, 
volume={}, 
number={}, 
pages={1-4}, 
keywords={IP metering;IP protection;circuit obfuscation;digital fingerprinting;digital watermarking;hardware security;intellectual property;reverse engineering}, 
doi={10.1109/ISCAS.2017.8050602}, 
ISSN={}, 
month={May},}

@INPROCEEDINGS{LegalJuridical, 
author={J. D. Losavio and M. M. Losavio}, 
booktitle={2014 Computer Games: AI, Animation, Mobile, Multimedia, Educational and Serious Games (CGAMES)}, 
title={The legal/juridical space of computer games: From intellectual property to intellectual freedom}, 
year={2014}, 
volume={}, 
number={}, 
pages={1-8}, 
keywords={computer games;industrial property;law;computer games;computer gaming;intellectual freedom;intellectual property;juridical space;legal space;multibillion dollar global business;multimedia stories;personal rights;state rights;transnational legal regime;Business;Computers;Games;Intellectual property;Law;Speech;WIPO;computer game;human rights;juridical;law;legal;transnational;videogame}, 
doi={10.1109/CGames.2014.6934141}, 
ISSN={}, 
month={July},}

@article{LegalProtection,
 author = {Himma, K. E.},
 title = {Justifying Legal Protection of Intellectual Property: The Interests Argument},
 journal = {SIGCAS Comput. Soc.},
 issue_date = {December 2008},
 volume = {38},
 number = {4},
 month = dec,
 year = {2008},
 issn = {0095-2737},
 pages = {13--27},
 numpages = {15},
 url = {http://doi.acm.org.ezproxy.falmouth.ac.uk/10.1145/1497054.1497055},
 doi = {10.1145/1497054.1497055},
 acmid = {1497055},
 publisher = {ACM},
 address = {New York, NY, USA},
 keywords = {intellectual objects, intellectual property, interests, legitimacy, rights},
} 

@article{Unauthorized,
 author = {Siponen, Mikko T. and Vartiainen, Tero},
 title = {Unauthorized Copying of Software: An Empirical Study of Reasons for and Against},
 journal = {SIGCAS Comput. Soc.},
 issue_date = {June 2007},
 volume = {37},
 number = {1},
 month = jun,
 year = {2007},
 issn = {0095-2737},
 pages = {30--43},
 numpages = {14},
 url = {http://doi.acm.org.ezproxy.falmouth.ac.uk/10.1145/1273353.1273357},
 doi = {10.1145/1273353.1273357},
 acmid = {1273357},
 publisher = {ACM},
 address = {New York, NY, USA},
 keywords = {computer ethics, intellectual property, software copyright, software piracy, student ethical attitudes},
} 

@INPROCEEDINGS{ThouShaltNot, 
author={S. J. Duda and V. Peters}, 
booktitle={2014 IEEE International Symposium on Ethics in Science, Technology and Engineering}, 
title={Thou shalt not x2026;A look at the ethics of copying software code}, 
year={2014}, 
volume={}, 
number={}, 
pages={1-5}, 
keywords={copyright;ethical aspects;patents;software engineering;computer software code;computer technology;copyrights;ethical standards;intellectual property rights;patent;software engineering;Computers;Ethics;Patents;Software;Software engineering;Standards;copyright;ethics;intellectual property;patent;software development;software engineering;trade secret}, 
doi={10.1109/ETHICS.2014.6893375}, 
ISSN={}, 
month={May},}
