@INPROCEEDINGS{Current, 
author={J. E. Brown and A. L. Clapes and E. H. Taylor}, 
booktitle={Information Technology, 1990. 'Next Decade in Information Technology', Proceedings of the 5th Jerusalem Conference on (Cat. No.90TH0326-9)}, 
title={The current status of copyright and patent protection for computer software}, 
year={1990}, 
volume={}, 
number={}, 
pages={617-629}, 
keywords={computer software;industrial property;legislation;computer interfaces;computer software;copyright;detailed flow diagram;disclosure requirements;industry standards;microcode;patent protection;programs;reverse engineering;screen imagery;source code;video games;Aging;Books;Copyright protection;Games;Hardware;Lifting equipment;Proposals;Reverse engineering;Senior members;Software}, 
doi={10.1109/JCIT.1990.128340}, 
ISSN={}, 
month={Oct},}

@INPROCEEDINGS{20yearsIP, 
author={M. Potkonjak and G. Qu and F. Koushanfar and C. H. Chang}, 
booktitle={2017 IEEE International Symposium on Circuits and Systems (ISCAS)}, 
title={20 Years of research on intellectual property protection}, 
year={2017}, 
volume={}, 
number={}, 
pages={1-4}, 
keywords={IP metering;IP protection;circuit obfuscation;digital fingerprinting;digital watermarking;hardware security;intellectual property;reverse engineering}, 
doi={10.1109/ISCAS.2017.8050602}, 
ISSN={}, 
month={May},}

@INPROCEEDINGS{LegalJuridical, 
author={J. D. Losavio and M. M. Losavio}, 
booktitle={2014 Computer Games: AI, Animation, Mobile, Multimedia, Educational and Serious Games (CGAMES)}, 
title={The legal/juridical space of computer games: From intellectual property to intellectual freedom}, 
year={2014}, 
volume={}, 
number={}, 
pages={1-8}, 
keywords={computer games;industrial property;law;computer games;computer gaming;intellectual freedom;intellectual property;juridical space;legal space;multibillion dollar global business;multimedia stories;personal rights;state rights;transnational legal regime;Business;Computers;Games;Intellectual property;Law;Speech;WIPO;computer game;human rights;juridical;law;legal;transnational;videogame}, 
doi={10.1109/CGames.2014.6934141}, 
ISSN={}, 
month={July},}

@INPROCEEDINGS{ThouShaltNot, 
author={S. J. Duda and V. Peters}, 
booktitle={2014 IEEE International Symposium on Ethics in Science, Technology and Engineering}, 
title={Thou shalt not x2026;A look at the ethics of copying software code}, 
year={2014}, 
volume={}, 
number={}, 
pages={1-5}, 
keywords={copyright;ethical aspects;patents;software engineering;computer software code;computer technology;copyrights;ethical standards;intellectual property rights;patent;software engineering;Computers;Ethics;Patents;Software;Software engineering;Standards;copyright;ethics;intellectual property;patent;software development;software engineering;trade secret}, 
doi={10.1109/ETHICS.2014.6893375}, 
ISSN={}, 
month={May},}

@inproceedings{Creativity,
 author = {Kultima, Annakaisa and Paavilainen, Janne},
 title = {Creativity Techniques in Game Design},
 booktitle = {Proceedings of the 2007 Conference on Future Play},
 series = {Future Play '07},
 year = {2007},
 isbn = {978-1-59593-943-2},
 location = {Toronto, Canada},
 pages = {243--244},
 numpages = {2},
 url = {http://doi.acm.org.ezproxy.falmouth.ac.uk/10.1145/1328202.1328251},
 doi = {10.1145/1328202.1328251},
 acmid = {1328251},
 publisher = {ACM},
 address = {New York, NY, USA},
 keywords = {brainstorming, creativity, game design, ideas, techniques},
}

@online{ClashOfClones,
  title = {Clash of Clones: The Importance of Standing Out},
  date = {2014},
  organization = {GDC Vault},
  author = {Fredrik Wester},
  url = {http://www.gdcvault.com.ezproxy.falmouth.ac.uk/play/1020872/Clash-of-Clones-The-Importance},
}

@article{GameDesignIdeas,
  title={Where do game design ideas come from? Invention and recycling in games developed in Sweden},
  author={Hagen, Ulf},
  journal={World},
  volume={2004},
  number={24},
  year={2007}
}

@article{Unauthorized,
 author = {Siponen, Mikko T. and Vartiainen, Tero},
 title = {Unauthorized Copying of Software: An Empirical Study of Reasons for and Against},
 journal = {SIGCAS Comput. Soc.},
 issue_date = {June 2007},
 volume = {37},
 number = {1},
 month = jun,
 year = {2007},
 issn = {0095-2737},
 pages = {30--43},
 numpages = {14},
 url = {http://doi.acm.org.ezproxy.falmouth.ac.uk/10.1145/1273353.1273357},
 doi = {10.1145/1273353.1273357},
 acmid = {1273357},
 publisher = {ACM},
 address = {New York, NY, USA},
 keywords = {computer ethics, intellectual property, software copyright, software piracy, student ethical attitudes},
}

@article{adaptation,
  title={The adaptation of copyright law to video games},
  author={Hemnes, Thomas MS},
  journal={University of Pennsylvania Law Review},
  pages={171--233},
  year={1982},
  publisher={JSTOR}
}

@article{AttackOfTheClones,
  title={Attack of the Clones: Copyright Protection for Video Game Developers},
  author={Casillas, Brian},
  journal={Loy. LA Ent. L. Rev.},
  volume={33},
  pages={137},
  year={2012},
  publisher={HeinOnline}
}

@ONLINE{Code-of-Ethics,
title = {ACM Code of Ethics and Professional Conduct},
month = October,
year = {1992},
url = {http://www.acm.org.ezproxy.falmouth.ac.uk/about-acm/acm-code-of-ethics-and-professional-conduct}
}

@ONLINE{ClonedAtBirth,
title = {CLONED AT BIRTH: THE STORY OF RIDICULOUS FISHING},
month = April,
year = {2013},
url = {https://www.polygon.com/features/2013/4/24/4257958/cloned-at-birth-the-story-of-ridiculous-fishing}
}

@INPROCEEDINGS{SoftCloning, 
author={P. Ciancarini and D. Russo and A. Sillitti and G. Succi}, 
booktitle={2016 IEEE/ACM 38th International Conference on Software Engineering Companion (ICSE-C)}, 
title={A Guided Tour of the Legal Implications of Software Cloning}, 
year={2016}, 
volume={}, 
number={}, 
pages={563-572}, 
keywords={copyright;software engineering;European Court of Justice;IPR context;US courts;US software;copyright infringements;intellectual propriety rights;legal decisions;legal implications;software cloning;software engineering;software patent;Cloning;Europe;Intellectual property;Law;Software;Software engineering;Copyright;IPR;Software Cloning;Software Reuse}, 
doi={}, 
ISSN={}, 
month={May},}

@inproceedings{PlagiarismDetect,
 author = {Ciancarini, Paolo and Favini, Gian Piero},
 title = {Plagiarism Detection in Game-playing Software},
 booktitle = {Proceedings of the 4th International Conference on Foundations of Digital Games},
 series = {FDG '09},
 year = {2009},
 isbn = {978-1-60558-437-9},
 location = {Orlando, Florida},
 pages = {264--271},
 numpages = {8},
 url = {http://doi.acm.org.ezproxy.falmouth.ac.uk/10.1145/1536513.1536560},
 doi = {10.1145/1536513.1536560},
 acmid = {1536560},
 publisher = {ACM},
 address = {New York, NY, USA},
} 

@article{tatap,
  title={“Tap, tap, flap, flap.” Ludic Seriality, Digitality, and the Finger},
  author={Heilmann, Till A},
  journal={Eludamos. Journal for Computer Game Culture},
  volume={8},
  number={1},
  pages={33--46},
  year={2014}
}

@article{zoomIOS,
  title={Zoom in iOS Clones: Examining the Antecedents and Consequences of Mobile App Copycats},
  author={Li, Beibei and Singh, Param and Wang, Quan},
  year={2014}
}
